<record><leader>00000cas a2200000 i 4500</leader><controlfield tag="001">1661103</controlfield><controlfield tag="008">750929u1895uuuuflu|| n       0   a0eng c</controlfield><datafield ind1=" " ind2=" " tag="010"><subfield code="a">  2017227301</subfield></datafield><datafield ind1=" " ind2=" " tag="040"><subfield code="a">FUL</subfield><subfield code="b">eng</subfield><subfield code="e">rda</subfield><subfield code="c">FUL</subfield><subfield code="d">FUG</subfield></datafield><datafield ind1=" " ind2=" " tag="042"><subfield code="a">pcc</subfield></datafield><datafield ind1="0" ind2="0" tag="245"><subfield code="a">Florida home, farm and field.</subfield></datafield><datafield ind1="1" ind2="0" tag="246"><subfield code="a">Home, farm and field</subfield></datafield><datafield ind1=" " ind2=" " tag="250"><subfield code="a">Orange County edition.</subfield></datafield><datafield ind1=" " ind2="1" tag="264"><subfield code="a">Orlando, Florida :</subfield><subfield code="b">Orange County Board [of] County Commissioners,</subfield><subfield code="c">1895-</subfield></datafield><datafield ind1=" " ind2=" " tag="336"><subfield code="a">text</subfield><subfield code="b">txt</subfield><subfield code="2">rdacontent</subfield></datafield><datafield ind1=" " ind2=" " tag="337"><subfield code="a">unmediated</subfield><subfield code="b">n</subfield><subfield code="2">rdamedia</subfield></datafield><datafield ind1=" " ind2=" " tag="338"><subfield code="a">volume</subfield><subfield code="b">nc</subfield><subfield code="2">rdacarrier</subfield></datafield><datafield ind1="1" ind2=" " tag="362"><subfield code="a">Began with: October 1895</subfield></datafield><datafield ind1=" " ind2=" " tag="500"><subfield code="a">"A guide to homeseekers, tourists and investors".</subfield></datafield><datafield ind1=" " ind2=" " tag="520"><subfield code="a">Contains articles on local agriculture of the Orange County area, plus listings for homes and farms for sale in Orange County.  Also contains many ads for hotels and resorts for Florida's "snow bees".</subfield></datafield><datafield ind1=" " ind2=" " tag="588"><subfield code="a">Description based on: October 1895; title from masthead.</subfield></datafield><datafield ind1=" " ind2=" " tag="588"><subfield code="a">Latest issue consulted: December 1897.</subfield></datafield><datafield ind1=" " ind2="0" tag="650"><subfield code="a">Agriculture</subfield><subfield code="z">Florida</subfield><subfield code="z">Orange County</subfield><subfield code="v">Newspapers.</subfield></datafield><datafield ind1=" " ind2="0" tag="650"><subfield code="a">Real property</subfield><subfield code="z">Florida</subfield><subfield code="z">Orange County</subfield><subfield code="v">Newspapers.</subfield></datafield><datafield ind1="1" ind2=" " tag="710"><subfield code="a">Orange County (Fla.).</subfield><subfield code="b">Board of County Commissioners,</subfield><subfield code="e">issuing body.</subfield></datafield></record>